

@misc{ 	pathshape,
		author = "Moro Federico",
		title = "Vision-Based Robust Path Reconstruction for Robot Control",
		year = "2013" }

@misc{ 	canny,
		author = "J. Canny",
		title = "A Computational Approach to Edge Detection, IEEE Trans. on Pattern
		Analysis and Machine Intelligence, 8(6), pp. 679-698",
		year = "1986"
}

@misc{ bombo,
		author = "Luca Zamboni",
		school = "University of Trento",
		title = "Riconoscimento e stima distanza di cartelli stradali tramite webcam.",
		year = "2014"
}

@article{ransac,
 author = {Fischler, Martin A. and Bolles, Robert C.},
 title = {Random Sample Consensus: A Paradigm for Model Fitting with Applications to Image Analysis and Automated Cartography},
 journal = {Commun. ACM},
 issue_date = {June 1981},
 volume = {24},
 number = {6},
 month = jun,
 year = {1981},
 issn = {0001-0782},
 pages = {381--395},
 numpages = {15},
 url = {http://doi.acm.org/10.1145/358669.358692},
 doi = {10.1145/358669.358692},
 acmid = {358692},
 publisher = {ACM},
 address = {New York, NY, USA},
 keywords = {automated cartography, camera calibration, image matching, location determination, model fitting, scene analysis},
}

@inproceedings{linedetect,
  added-at = {2013-02-27T00:00:00.000+0100},
  author = {Aggarwal, Nitin and Karl, William Clement},
  biburl = {http://www.bibsonomy.org/bibtex/260c56c9bce48ea86d3239efe17d88a11/dblp},
  booktitle = {ICIP},
  ee = {http://dx.doi.org/10.1109/ICIP.2000.899595},
  interhash = {fed6a33a4affbdb8c31da444c91c7f4b},
  intrahash = {60c56c9bce48ea86d3239efe17d88a11},
  keywords = {dblp},
  pages = {873-876},
  timestamp = {2013-02-28T11:47:19.000+0100},
  title = {Line Detection in Images Through Regularized Hough Transform.},
  url = {http://dblp.uni-trier.de/db/conf/icip/icip2000.html#AggarwalK00},
  year = 2000
}
